<?xml version="1.0" encoding="UTF-8"?><record xmlns="http://www.loc.gov/MARC21/slim" xmlns:cinclude="http://apache.org/cocoon/include/1.0" xmlns:zs="http://www.loc.gov/zing/srw/">
  <leader>01545cz  a2200241n  4500</leader>
  <controlfield tag="001">no2014027815</controlfield>
  <controlfield tag="003">DLC</controlfield>
  <controlfield tag="005">20140326073854.0</controlfield>
  <controlfield tag="008">140303n| azannaabn          |a aaa     c</controlfield>
  <datafield tag="010" ind1=" " ind2=" ">
    <subfield code="a">no2014027815</subfield>
  </datafield>
  <datafield tag="035" ind1=" " ind2=" ">
    <subfield code="a">(OCoLC)oca09694873</subfield>
  </datafield>
  <datafield tag="040" ind1=" " ind2=" ">
    <subfield code="a">MWA</subfield>
    <subfield code="b">eng</subfield>
    <subfield code="e">rda</subfield>
    <subfield code="c">MWA</subfield>
    <subfield code="d">IEN</subfield>
  </datafield>
  <datafield tag="046" ind1=" " ind2=" ">
    <subfield code="f">18770701</subfield>
    <subfield code="g">19380516</subfield>
  </datafield>
  <datafield tag="100" ind1="1" ind2=" ">
    <subfield code="a">Southworth, E. A.</subfield>
    <subfield code="q">(Edward Augustus),</subfield>
    <subfield code="d">1877-1938</subfield>
  </datafield>
  <datafield tag="370" ind1=" " ind2=" ">
    <subfield code="a">California</subfield>
    <subfield code="b">Marin (Calif.)</subfield>
    <subfield code="e">Honolulu (Hawaii)</subfield>
    <subfield code="e">Seattle (Wash.)</subfield>
  </datafield>
  <datafield tag="373" ind1=" " ind2=" ">
    <subfield code="a">Freemasons</subfield>
    <subfield code="2">naf</subfield>
  </datafield>
  <datafield tag="374" ind1=" " ind2=" ">
    <subfield code="a">Civil engineers</subfield>
    <subfield code="2">itoamc</subfield>
  </datafield>
  <datafield tag="375" ind1=" " ind2=" ">
    <subfield code="a">male</subfield>
  </datafield>
  <datafield tag="377" ind1=" " ind2=" ">
    <subfield code="a">eng</subfield>
  </datafield>
  <datafield tag="400" ind1="1" ind2=" ">
    <subfield code="a">Southworth, Edward Augustus,</subfield>
    <subfield code="d">1877-1938</subfield>
  </datafield>
  <datafield tag="670" ind1=" " ind2=" ">
    <subfield code="a">His City of Honolulu, 1915:</subfield>
    <subfield code="b">t.p. (E.A. Southworth, C.E.)</subfield>
  </datafield>
  <datafield tag="670" ind1=" " ind2=" ">
    <subfield code="a">Ancestry, via WWW, Feb. 28, 2014:</subfield>
    <subfield code="b">HPSSR Family Tree (Edward A. Southworth; b. 1 July 1877 in California; d. before 1940) U.S. Federal Censuses (1910: Edward Southworth; civil engineer at Honolulu; age 34; b. California; 1920: Edward A. Southworth; civil engineer at Monterey, Calif.; age 42; b. California; 1930: Edward A. Southworth; civil engineer at Seattle, Wash.; age 50; b. California) U.S., World War I Draft Registration Cards, 1917-1918 (Edward Augustus Southworth; res. Ormsby Co., Nevada; b. 1 July 1877) California, Death Index, 1905-1939 (Edward A. Southworth; d. Marin, Calif. 16 May 1938)</subfield>
  </datafield>
  <datafield tag="670" ind1=" " ind2=" ">
    <subfield code="a">Freemasons of California, via WWW, Feb. 28, 2014:</subfield>
    <subfield code="b">Mill Valley Lodge no. 356. Bulletin June 1938 (Brother Edward A. Southworth; early resident of Mill Valley; member of Hawaiian Lodge no. 21; funeral services conducted May 18, 1938)</subfield>
  </datafield>
</record>